<record><leader>00000cas a22000007a 4500</leader><controlfield tag="001">18868582</controlfield><controlfield tag="008">881209d18991956mouwr ne      0    0eng d</controlfield><datafield ind1=" " ind2=" " tag="010"><subfield code="a">sn 88068019 </subfield></datafield><datafield ind1=" " ind2=" " tag="040"><subfield code="a">MQN</subfield><subfield code="b">eng</subfield><subfield code="c">MQN</subfield><subfield code="d">OCLCQ</subfield></datafield><datafield ind1=" " ind2=" " tag="042"><subfield code="a">msc</subfield></datafield><datafield ind1="0" ind2=" " tag="130"><subfield code="a">Missouri telegraph (Fulton, Mo. : 1899)</subfield></datafield><datafield ind1="1" ind2="4" tag="245"><subfield code="a">The Missouri telegraph.</subfield></datafield><datafield ind1=" " ind2=" " tag="260"><subfield code="a">Fulton, Mo. :</subfield><subfield code="b">J.B. Williams &amp; Co.</subfield></datafield><datafield ind1=" " ind2=" " tag="300"><subfield code="a">v.</subfield></datafield><datafield ind1=" " ind2=" " tag="310"><subfield code="a">Weekly</subfield></datafield><datafield ind1=" " ind2=" " tag="321"><subfield code="a">Frequency varies</subfield></datafield><datafield ind1="0" ind2=" " tag="362"><subfield code="a">Vol. 54, no. 24 (May 12, 1899)-v. 59, no. 52 1/2 (Dec. 19, 1904) ; 60th year, no. 1 (Dec. 22, 1904)-64th year, no. 15 (Apr. 16, 1909) ; No. 15 (Apr. 23, 1909)-</subfield></datafield><datafield ind1="1" ind2=" " tag="362"><subfield code="a">Ceased in 1956?</subfield></datafield><datafield ind1=" " ind2=" " tag="515"><subfield code="a">Issued as a semiweekly 1899-1904, during which time one issue carried the week's designation and the following issue carried the week's designation plus the designation "1/2."</subfield></datafield><datafield ind1=" " ind2=" " tag="515"><subfield code="a">Issue for Apr. 23, 1909 is numbered 15, but constitutes 16; incorrect numbering is continued for rest of year.</subfield></datafield><datafield ind1=" " ind2=" " tag="580"><subfield code="a">Daily eds.: Fulton daily sun, July 10, 1900-Dec. 31, 1926; Fulton daily sun-gazette, Jan. 1, 1927-&lt;Oct. 25, 1956&gt;.</subfield></datafield><datafield ind1=" " ind2="4" tag="651"><subfield code="a">Fulton (Mo.)</subfield><subfield code="v">Newspapers.</subfield></datafield><datafield ind1=" " ind2=" " tag="752"><subfield code="a">United States</subfield><subfield code="b">Missouri</subfield><subfield code="c">Callaway</subfield><subfield code="d">Fulton.</subfield></datafield><datafield ind1="1" ind2=" " tag="775"><subfield code="t">Fulton daily sun</subfield><subfield code="w">(DLC)sn 86063317</subfield></datafield><datafield ind1="1" ind2=" " tag="775"><subfield code="t">Fulton daily sun-gazette</subfield><subfield code="w">(DLC)sn 88068025</subfield></datafield><datafield ind1="0" ind2="0" tag="780"><subfield code="t">Fulton telegraph (Fulton, Mo. : 1898)</subfield><subfield code="w">(DLC)sn 88068020</subfield></datafield><datafield ind1="0" ind2="5" tag="780"><subfield code="t">Fulton sun (Fulton, Mo. : Semi-weekly : 1895)</subfield><subfield code="w">(DLC)sn 88068023</subfield></datafield><datafield ind1="0" ind2="5" tag="780"><subfield code="t">Fulton gazette (Fulton, Mo. : 1910)</subfield><subfield code="w">(DLC)sn 90061813</subfield></datafield><datafield ind1="1" ind2=" " tag="029"><subfield code="a">AU@</subfield><subfield code="b">000020566654</subfield></datafield></record>